@inproceedings{Callaghan2019,
author = {Callaghan, Ross and Shemesh, Noam and Alexander, Daniel C. and Zhang, Hui and Palombo, Marco},
booktitle = {International Society of Magnetic Resonance in Medicine},
title = {{Towards a more realistic and flexible white matter numerical phantom generator for diffusion MRI simulation}},
year = {2019}
}
