% Numbers to math mode: \([^a-zA-Z0-9$]\)\([0-9][0-9]*\) -> \1$\2$

@String{AJCvG  = "{\van{Gemund}{Van}{van}}, Arjan J. C."}

@String{JdK    = "{\van{Kleer}{De}{de}}, Johan"}

@InProceedings{Abreu07,
  author       = "Rui Abreu and Peter Zoeteweij and " # AJCvG,
  title        = "On the Accuracy of Spectrum-Based Fault Localization",
  booktitle    = "Proceedings of the $ 2^{nd} $ International Academic
                 And Industrial Conference on Testing -- Practice And
                 Research Techniques",
  series       = "TAICPART'07",
  year         = "2007",
  pages        = "89--98",
}

@InProceedings{Abreu08a,
  author       = "Rui Abreu and Peter Zoeteweij and " # AJCvG,
  booktitle    = "Proceedings of the $ 19^{th} $ International Workshop
                 on Principles of Diagnosis",
  series       = "DX'08",
  pages        = "7--14",
  title        = "A Dynamic Modeling Approach to Software Multiple-Fault
                 Localization",
  year         = "2008",
}

@InProceedings{Abreu08b,
  author       = "Rui Abreu and Peter Zoeteweij and " # AJCvG,
  title        = "An Observation-based Model for Fault Localization",
  booktitle    = "Proceedings of the $ 6^{th} $ Workshop on Dynamic
                 Analysis",
  series       = "WODA'08",
  year         = "2008",
  pages        = "64--70",
}

@InProceedings{Abreu08c,
  author       = "Rui Abreu and Alberto Gonz{\'a}lez-Sanchez and Peter
                 Zoeteweij and " # AJCvG,
  title        = "On the Performance of Fault Screeners in Software
                 Development and Deployment",
  booktitle    = "Proceedings of the $ 3^{rd} $ International Conference
                 on Evaluation of Novel Approaches to Software
                 Engineering",
  series       = "ENASE'08",
  year         = "2008",
  editor       = "Cesar Gonzalez-Perez and Stefan Jablonski",
  pages        = "123--130",
}

@InProceedings{Abreu09a,
  author       = "Rui Abreu and Peter Zoeteweij and " # AJCvG,
  title        = "A New Bayesian Approach to Multiple Intermittent Fault
                 Diagnosis",
  booktitle    = "Proceedings of the $ 21^{st} $ International Joint
                 Conference on Artificial Intelligence",
  series       = "IJCAI'09",
  year         = "2009",
  pages        = "653--658",
}

@InProceedings{Abreu09b,
  author       = "Rui Abreu and " # AJCvG,
  title        = "A Low-Cost Approximate Minimal Hitting Set Algorithm
                 and its Application to Model-Based Diagnosis",
  booktitle    = "Proceedings of the $ 8^{th} $ Symposium on
                 Abstraction, Reformulation, and Approximation",
  series       = "SARA'09",
  year         = "2009",
}

@InProceedings{Abreu09c,
  author       = "Rui Abreu and Peter Zoeteweij and " # AJCvG,
  title        = "Spectrum-Based Multiple Fault Localization",
  booktitle    = "Proceedings of the 2009 International Conference on
                 Automated Software Engineering",
  series       = "ASE'09",
  year         = "2009",
  pages        = "88--99",
}

@PhdThesis{Abreu09d,
  author       = "Rui Abreu",
  title        = "Spectrum-based Fault Localization in Embedded
                 Software",
  school       = "Delft University of Technology",
  year         = "2009",
  tutor        = AJCvG,
  project      = "TRADER",
  group        = "SE,ES",
}

@InProceedings{Abreu09e,
  author       = "Abreu, Rui and Mayer, Wolfgang and Stumptner, Markus
                 and " # AJCvG,
  title        = "Refining Spectrum-based Fault Localization Rankings",
  booktitle    = "Proceedings of the 2009 Symposium on Applied
                 Computing",
  series       = "SAC'09",
  year         = "2009",
  pages        = "409--414",
}

@Article{Abreu09f,
  author       = "R. Abreu and P. Zoeteweij and R. Golsteijn and " #
                 AJCvG,
  title        = "A Practical Evaluation of Spectrum-based Fault
                 Localization",
  journal      = "Journal of Systems and Software",
  year         = "2009",
  volume       = "82",
  number       = "11",
  pages        = "1780--1792",
}

@Article{Abreu10a,
  author       = "Rui Abreu and Peter Zoeteweij and " # AJCvG,
  title        = "Diagnosing Multiple Intermittent Failures Using
                 Maximum Likelihood Estimation",
  journal      = "Artificial Intelligence",
  volume       = "174",
  number       = "18",
  year         = "2010",
  pages        = "1481--1497",
}

@InProceedings{Abreu10b,
  author       = "Rui Abreu and Alberto Gonz{\'a}lez-Sanchez and " #
                 AJCvG,
  title        = "Exploiting Count Spectra for Bayesian Fault
                 Localization",
  booktitle    = "Proceedings of the $ 6^{th} $ International Conference
                 on Predictive Models in Software Engineering",
  series       = "PROMISE'10",
  year         = "2010",
  pages        = "12",
}

@InProceedings{Abreu12,
  author       = "Rui Abreu and Andre Riboira and Franz Wotawa",
  title        = "Constraint-Based Debugging of Spreadsheets",
  booktitle    = "Proceedings of the $ 15^{th} $ Ibero-American
                 Conference on Software Engineering",
  series       = "CIbSE'12",
  year         = "2012",
  pages        = "9--16",
}

@InProceedings{Abreu14,
  title        = "Smelling Faults in Spreadsheets",
  author       = "Rui Abreu and J{\'a}come Cunha and Joao Paulo
                 Fernandes and Pedro Martins and Alexandre Perez and
                 Juliana Saraiva",
  booktitle    = "Proceedings of the 2014 International Conference on
                 Software Maintenance and Evolution",
  series       = "ICSM'14",
  pages        = "111--120",
  year         = "2014",
}

@Article{Abreu15,
  author       = "Rui Abreu and Birgit Hofer and Alexandre Perez and
                 Franz Wotawa",
  title        = "Using Constraints to Diagnose Faulty Spreadsheets",
  journal      = "Software Quality Journal",
  volume       = "23",
  number       = "2",
  year         = "2015",
  publisher    = "Kluwer Academic Publishers",
}

@InProceedings{Agrawal95,
  author       = "H. Agrawal and J. R. Horgan and S. London and W. E.
                 Wong",
  title        = "Fault Localization Using Execution Slices and Dataflow
                 Tests",
  booktitle    = "Proceedings of the 1995 International Symposium on
                 Software Reliability Engineering",
  series       = "ISSRE'95",
  year         = "1995",
  pages        = "143--151",
}

@Article{Aickelin04,
  title        = "An Indirect Genetic Algorithm for a Nurse-scheduling
                 Problem",
  author       = "Uwe Aickelin and Kathryn A Dowsland",
  journal      = "Computers \& Operations Research",
  year         = "2004",
}

@Book{Allan01,
  author       = "Roy Allan",
  title        = "A History of the Personal Computer: the People and the
                 Technology",
  publisher    = "Allan Pub",
  year         = "2001",
  address      = "London, Ont",
}

@Article{Allen97,
  author       = "Robert Allen and David Garlan",
  title        = "A Formal Basis for Architectural Connection",
  journal      = "Transactions on Software Engineering and Methodology",
  series       = "TOSEM'97",
  year         = "1997",
  key          = "Allen",
}

@Article{Altman92,
  author       = "N. S. Altman",
  journal      = "The American Statistician",
  number       = "3",
  pages        = "175--185",
  publisher    = "Taylor & Francis, Ltd.",
  title        = "An Introduction to Kernel and Nearest-Neighbor
                 Nonparametric Regression",
  volume       = "46",
  year         = "1992",
}

@InProceedings{Arito12,
  author       = "Franco Arito and Francisco Chicano and Enrique Alba",
  title        = "On the Application of SAT Solvers to the Test Suite
                 Minimization Problem",
  booktitle    = "Proceedings of the $ 4^{th} $ International Conference
                 on Search Based Software Engineering",
  series       = "SSBSE'12",
  year         = "2012",
  pages        = "45--59",
  address      = "Berlin, Heidelberg",
}

@Article{Arnold01,
  title        = "A Framework for Reducing the Cost of Instrumented
                 Code",
  author       = "Matthew Arnold and Barbara G Ryder",
  journal      = "\textit{ACM SIGPLAN} Notices",
  volume       = "36",
  number       = "5",
  pages        = "168--179",
  year         = "2001",
  publisher    = "\textit{ACM}",
}

@Conference{Campos13a,
  author       = "Jos{\'e} Campos and Rui Abreu",
  title        = "{Encoding Test Requirements as Constraints for Test
                 Suite Minimization}",
  booktitle    = "Proceedings of the $ 10^{th} $ International
                 Conference on Information Technology: New Generation",
  series       = "ITNG'13",
  year         = "2013",
  pages        = "317--322",
}

@Article{Avizienis04,
  author       = "Algirdas Avizienis and Jean-Claude Laprie and Brian
                 Randell and Carl E. Landwehr",
  title        = "Basic Concepts and Taxonomy of Dependable and Secure
                 Computing",
  journal      = "Transactions on Dependable Secure Computing",
  volume       = "1",
  number       = "1",
  year         = "2004",
  pages        = "11--33",
}

@Article{Aycock03,
  author       = "John Aycock",
  title        = "A Brief History of Just-in-time",
  journal      = "\textit{ACM} Computing Surveys",
  year         = "2003",
  volume       = "35",
  pages        = "97--113",
}

@Article{Bala00,
  title        = "Dynamo: a Transparent Dynamic Optimization System",
  author       = "Vasanth Bala and Evelyn Duesterwald and Sanjeev
                 Banerjia",
  journal      = "\textit{ACM SIGPLAN} Notices",
  volume       = "35",
  pages        = "1--12",
  year         = "2000",
  publisher    = "\textit{ACM}",
}

@Article{Bigus02,
  author       = "J. P. Bigus and D. A. Schlosnagle and J. R. Pilgrim
                 and W. N. Mills and Y. Diao",
  title        = "ABLE: a Toolkit for Building Multiagent Autonomic
                 Systems",
  journal      = "\textit{IBM} Systems Journal",
  volume       = "41",
  number       = "3",
  year         = "2002",
  pages        = "350--371",
  address      = "Riverton, NJ, USA",
}

@Article{Bouillon07,
  author       = "Philipp Bouillon and Jens Krinke and Nils Meyer and
                 Friedrich Steimann",
  journal      = "Proceedings of the $8^{th}$ International Conference
                 on Agile Processes in Software Engineering and eXtreme
                 Programming (XP 2007), Como, Italy 2007",
  title        = "{EzUnit: A Framework for Associating Failed Unit Tests
                 With Potential Programming Errors.}",
  year         = "2007",
}

@InProceedings{Bryce07,
  author       = "Ren{\'e}e C. Bryce and Atif M. Memon",
  title        = "Test Suite Prioritization by Interaction Coverage",
  booktitle    = "Proceedings of the 2007 Workshop on Domain Specific
                 Approaches to Software Test Automation",
  series       = "DOSTA '07",
  year         = "2007",
  pages        = "1--7",
}

@InProceedings{Bus04,
  title        = "The Design and Implementation of FIT: a Flexible
                 Instrumentation Toolkit",
  author       = "Bruno De Bus and Dominique Chanet and Bjorn De Sutter
                 and Ludo Van Put and Koen De Bosschere",
  booktitle    = "Proceedings of the $ 5^t h $ Workshop on Program
                 Analysis for Software Tools and Engineering",
  series       = "PASTE'04",
  pages        = "29--34",
  year         = "2004",
}

@InProceedings{Campos12,
  author       = "J. Campos and A. Riboira and A. Perez and R. Abreu",
  title        = "{GZoltar: An Eclipse Plug-in for Testing and
                 Debugging}",
  booktitle    = "Proceedings of the 2012 International Conference on
                 Automated Software Engineering",
  series       = "ASE'12",
  year         = "2012",
  pages        = "378--381",
}

@InProceedings{Campos13b,
  title        = "Entropy-based Test Generation for Improved Fault
                 Localization",
  author       = "Jos{\'e} Campos and Rui Abreu and Gordon Fraser and
                 Marcelo d’Amorim",
  booktitle    = "International Conference on Automated Software
                 Engineering",
  series       = "ASE'13",
  year         = "2013",
}

@InProceedings{Cardoso13a,
  author       = "Nuno Cardoso and Rui Abreu",
  title        = "A Kernel Density Estimate-Based Approach to Component
                 Goodness Modeling",
  booktitle    = "Proceedings of the $ 27^{th} $ AAAI Conference on
                 Artificial Intelligence",
  series       = "AAAI'13",
  year         = "2013",
}

@InProceedings{Cardoso13b,
  author       = "Nuno Cardoso and Rui Abreu",
  title        = "A Distributed Approach to Diagnosis Candidate
                 Generation",
  booktitle    = "Proceedings of the $ 16^{th} $ Portuguese Conference
                 on Artificial Intelligence",
  series       = "EPIA'13",
  year         = "2013",
  pages        = "175--186",
}

@InProceedings{Cardoso13c,
  author       = "Nuno Cardoso and Rui Abreu",
  title        = "$ \text {MHS}^\text {\small 2} $: A Map-Reduce
                 Heuristic-driven Minimal Hitting Set Search Algorithm",
  booktitle    = "Proceedings of the 2013 International Conference on
                 Multicore Software Engineering, Performance, and
                 Tools",
  series       = "MUSEPAT'13",
  year         = "2013",
  pages        = "25--36",
}

@InProceedings{Cardoso14a,
  author       = "Nuno Cardoso and Rui Abreu",
  title        = "An Efficient Distributed Algorithm for Computing
                 Minimal Hitting Sets",
  booktitle    = "Proceedings of the $ 25^{th} $ International Workshop
                 on Principles of Diagnosis",
  series       = "DX'14",
  year         = "2014",
}

@InProceedings{Cardoso14b,
  author       = "Nuno Cardoso and Rui Abreu",
  title        = "Enhancing Reasoning Approaches to Diagnose Functional
                 and Non-Functional Errors",
  booktitle    = "Proceedings of the $ 25^{th} $ International Workshop
                 on Principles of Diagnosis",
  series       = "DX'14",
  year         = "2014",
}

@InProceedings{Carey99,
  author       = "John Carey and Neil Gross and Marcia Stepanek and Otis
                 Port",
  title        = "Software Hell",
  booktitle    = "Business Week",
  pages        = "391--411",
  year         = "1999",
}

@InProceedings{Casanova11,
  author       = "Paulo Casanova and Bradley R. Schmerl and David Garlan
                 and Rui Abreu",
  title        = "Architecture-Based Run-Time Fault Diagnosis",
  booktitle    = "Proceedings of the $ 5^{th} $ European Conference
                 Software Architecture",
  series       = "ECSA'11",
  year         = "2011",
  pages        = "261--277",
}

@InProceedings{Casanova13,
  author       = "Paulo Casanova and David Garlan and Bradley Schmerl
                 and Rui Abreu",
  title        = "Diagnosing Architectural Run-time Failures",
  booktitle    = "Proceedings of the $ 8^{th} $ International Symposium
                 on Software Engineering for Adaptive and Self-Managing
                 Systems",
  series       = "SEAMS'13",
  year         = "2013",
  pages        = "103--112",
}

@InProceedings{Chao04,
  author       = "{Kuo-Ming} Chao and Nazaraf Shah and Nick Godwin and
                 Muhammad Younas and Christopher Laing",
  title        = "Exception Diagnosis in Agent-based Grid Computing",
  booktitle    = "Proceedings of the 2004 International Conference on
                 Systems, Man {\&} Cybernetics",
  series       = "SMC'04",
  pages        = "3213--3219",
  year         = "2004",
}

@InProceedings{Chen02,
  author       = "Mike Y. Chen and Emre Kiciman and Eugene Fratkin and
                 Armando Fox and O Fox and Eric Brewer",
  title        = "Pinpoint: Problem Determination in Large, Dynamic
                 Internet Services",
  booktitle    = "Proceedings of the 2002 International Conference on
                 Dependable Systems and Networks",
  series       = "DSN'2002",
  year         = "2002",
  pages        = "595--604",
}

@InProceedings{Chen13,
  author       = "Cuiting Chen and Hans-Gerhard Gross and Andy Zaidman",
  title        = "Improving Service Diagnosis through Increased
                 Monitoring Granularity",
  booktitle    = "Proceedings of the $ 7^{th} $ International Conference
                 on Software Security and Reliability",
  series       = "SERE'13",
  year         = "2013",
  pages        = "129--138",
}

@InProceedings{Cheng09,
  author       = "Shang-Wen Cheng and David Garlan and Bradley R.
                 Schmerl",
  title        = "Evaluating the Effectiveness of the Rainbow
                 Self-adaptive System",
  series       = "SEAMS'09",
  year         = "2009",
  pages        = "132--141",
  booktitle    = "Proceedings of the 2009 Workshop on Software
                 Engineering for Adaptive and Self-Managing Systems",
}

@InProceedings{Cleve05,
  author       = "H. Cleve and A. Zeller",
  title        = "Locating Causes of Program Failures",
  booktitle    = "Proceedings of the 2005 International Conference on
                 Software Engineering",
  series       = "ICSE'05",
  year         = "2005",
  pages        = "342--351",
}

@Book{Cmelik95,
  title        = "Shade: a Fast Instruction-Set Simulator for Execution
                 Profiling",
  author       = "Bob Cmelik and David Keppel",
  year         = "1995",
  publisher    = "Springer",
}

@Article{Computing2005,
  author       = "Autonomic Computing and White Paper and Third
                 Edition",
  number       = "June",
  title        = "An Architectural Blueprint for Autonomic Computing",
  year         = "2005",
}

@Article{Corliss05,
  author       = "M. L. Corliss and E. C. Lewis and A. Roth",
  journal      = "Proceedings of the 2005 International Symposium on
                 High-Performance Computer Architecture",
  series       = "HPCA'05",
  pages        = "303--314",
  title        = "Low-Overhead Interactive Debugging via Dynamic
                 Instrumentation with DISE",
  year         = "2005",
}

@InProceedings{Cousot77,
  author       = "P. Cousot and R. Cousot",
  title        = "Abstract Interpretation: A Unified Lattice Model for
                 Static Analysis of Programs by Construction or
                 Approximation of Fixpoints",
  booktitle    = "Proceedings of the 1977 Symposium on Principles of
                 Programming Languages",
  series       = "POPL'77",
  year         = "1977",
  pages        = "238--252",
}

@InProceedings{Cunha12a,
  title        = "Smellsheet Detective: a Tool for Detecting Bad Smells
                 in Spreadsheets",
  author       = "J{\'a}come Cunha and Joao Paulo Fernandes and Pedro
                 Martins and Jorge Mendes and Joao Saraiva",
  booktitle    = "Proceedings of the 2012 Symposium on Visual Languages
                 and Human-Centric Computing",
  series       = "VL/HCC'12",
  pages        = "243--244",
  year         = "2012",
}

@InCollection{Cunha12b,
  title        = "Towards a Catalog of Spreadsheet Smells",
  author       = "J{\'a}come Cunha and Jo{\~a}o P Fernandes and Hugo
                 Ribeiro and Jo{\~a}o Saraiva",
  booktitle    = "Computational Science and Its Applications",
  pages        = "202--216",
  year         = "2012",
  publisher    = "Springer",
}

@InProceedings{Dallmeier05,
  author       = "V. Dallmeier and C. Lindig and A. Zeller",
  title        = "Lightweight Defect Localization for Java",
  booktitle    = "Proceedings of the 2005 European Conference on
                 Object-Oriented Programming",
  series       = "ECOOP'05",
  year         = "2005",
  pages        = "528--550",
}

@Article{Dashofy05,
  author       = "Eric M. Dashofy and Andr{\'e} van der Hoek and Richard
                 N. Taylor",
  title        = "A Comprehensive Approach for the Development of
                 Modular Software Architecture Description Languages",
  journal      = "Transactions on Software Engineering and Methodology",
  volume       = "14",
  number       = "2",
  year         = "2005",
  pages        = "199--245",
  publisher    = "\textit{ACM}",
  address      = "New York, NY, USA",
}

@Article{DeMillo78,
  title        = "Hints on Test Data Selection: Help for the Practicing
                 Programmer",
  author       = "Frederick G. Sayward {Richard A. DeMillo,Richard J.
                 Lipton}",
  year         = "1978",
  month        = apr,
  address      = "Long Beach CA 90803",
  institution  = "The Institute of Electrical and Electronic Engineers,
                 Inc.",
  journal      = "Computer",
  number       = "4",
  pages        = "34--41",
  volume       = "11",
}

@InProceedings{Dean04,
  author       = "Jeffrey Dean and Sanjay Ghemawat",
  title        = "MapReduce: Simplified Data Processing on Large
                 Clusters",
  booktitle    = "Proceedings of the 2004 Symposium on Opearting Systems
                 Design \& Implementation",
  series       = "OSDI'04",
  year         = "2004",
  pages        = "137--150",
}

@InProceedings{DiRuscio10,
  author       = "Davide Di Ruscio and Ivano Malavolta and Henry Muccini
                 and Patrizio Pelliccione and Alfonso Pierantonio",
  title        = "ByADL: an MDE Framework for Building Extensible
                 Architecture Description Languages",
  booktitle    = "Proceedings of the $ 4^{th} $ European Conference on
                 Software architecture",
  series       = "ECSA'10",
  year         = "2010",
  pages        = "527--531",
}

@Article{Eden13,
  author       = "Amnon H. Eden and Epameinondas Gasparis and Jonathan
                 Nicholson and Rick Kazman",
  title        = "Modeling and Visualizing Object-oriented Programs with
                 Codecharts",
  journal      = "Formal Methods in System Design",
  volume       = "43",
  number       = "1",
  year         = "2013",
  publisher    = "Springer US",
}

@Article{Elbaum02,
  title        = "Test Case Prioritization: a Family of Empirical
                 Studies",
  author       = "Sebastian Elbaum and Alexey G Malishevsky and Gregg
                 Rothermel",
  journal      = "Transactions on Software Engineering",
  volume       = "28",
  number       = "2",
  pages        = "159--182",
  year         = "2002",
  publisher    = "\textit{IEEE}",
}

@InProceedings{Ernst00,
  author       = "Michael D. Ernst and Adam Czeisler and William G.
                 Griswold and David Notkin",
  title        = "Quickly Detecting Relevant Program Invariants",
  booktitle    = "Proceedings of the $ 22^{nd} $ International
                 Conference on Software Engineering",
  series       = "ICSE'00",
  year         = "2000",
  pages        = "449--458",
  address      = "New York, NY, USA",
}

@article{Ernst01,
  title={Dynamically Discovering Likely Program Invariants to Support
                  Program Evolution},
  author={Ernst, Michael D and Cockrell, Jake and Griswold, William G and Notkin, David},
  journal={Transactions on Software Engineering},
  volume={27},
  number={2},
  pages={99--123},
  year={2001},
  publisher={IEEE}
}


@Article{Ernst07,
  author       = "Michael D. Ernst and Jeff H. Perkins and Philip J. Guo
                 and Stephen McCamant and Carlos Pacheco and Matthew S.
                 Tschantz and Chen Xiao",
  title        = "The Daikon System for Dynamic Detection of Likely
                 Invariants",
  journal      = "Science of Computer Programming",
  volume       = "69",
  issue        = "1--3",
  year         = "2007",
  pages        = "35--45",
  address      = "Amsterdam, The Netherlands, The Netherlands",
}

@InProceedings{Ernst99,
  author       = "Michael D. Ernst and Jake Cockrell and William G.
                 Griswold and David Notkin",
  title        = "Dynamically Discovering Likely Program Invariants To
                 Support Program Evolution",
  booktitle    = "Proceedings of the $ 21^{st} $ International
                 Conference on Software Engineering",
  series       = "ICSE'99",
  year         = "1999",
  pages        = "213--224",
  address      = "New York, NY, USA",
}

@InProceedings{Feldman08,
  author       = "Feldman, Alexander and Provan, Gregory and " # AJCvG,
  title        = "Computing Minimal Diagnoses by Greedy Stochastic
                 Search",
  booktitle    = "Proceedings of the $ 23^{rd} $ AAAI Conference on
                 Artificial Intelligence",
  series       = "AAAI'08",
  year         = "2008",
  pages        = "911--918",
}

@Article{Feldman10,
  author       = "Alexander Feldman and Gregory M. Provan and " # AJCvG,
  title        = "Approximate Model-Based Diagnosis Using Greedy
                 Stochastic Search",
  journal      = "Journal of Artificial Intelligence Research",
  series       = "JAIR",
  year         = "2010",
}

@InProceedings{Fijany04,
  title        = "New Approaches for Efficient Solution of Hitting Set
                 Problem",
  author       = "A. Fijany and F. Vatan",
  year         = "2004",
  booktitle    = "Proceedings of the 2004 Winter International Synposium
                 on Information and communication technologies",
  series       = "WISICT'04",
}

@InProceedings{Fijany05,
  title        = "New High Performance Algorithmic Solution For
                 Diagnosis Problem",
  author       = "A. Fijany and F. Vatan",
  year         = "2005",
  booktitle    = "Proceedings of the 2005 Aerospace Conference",
  series       = "IEEEAC'05",
}

@InProceedings{Fraser11,
  title        = "Evosuite: Automatic Test Suite Generation For
                 Object-Oriented Software",
  author       = "Gordon Fraser and Andrea Arcuri",
  booktitle    = "Proceedings of the $ 19^{th} $ Symposium and the
                  $13^{th} $ European Conference on Foundations of
                  Software Engineering",
  series       = "ESEC'11/FSE'11",
  pages        = "416--419",
  year         = 2011,
}

@Article{Fraser12,
  title        = "Mutation-Driven Generation of Unit Tests and Oracles",
  author       = "Gordon Fraser and Andreas Zeller",
  journal      = "Transactions on Software Engineering",
  volume       = "38",
  number       = "2",
  pages        = "278--292",
  year         = "2012",
  publisher    = "\textit{IEEE}",
}

@Article{Fraser13,
  title        = "Whole Test Suite Generation",
  author       = "Gordon Fraser and Andrea Arcuri",
  journal      = "Transactions on Software Engineering",
  volume       = "39",
  number       = "2",
  pages        = "276--291",
  year         = "2013",
  publisher    = "\textit{IEEE}",
}

@InProceedings{Friedrich96,
  author       = "G. Friedrich and M. Stumptner and F. Wotawa",
  title        = "Model-Based Diagnosis of Hardware Designs",
  booktitle    = "Proceedings of the 1996 European Conference on
                 Artificial Intelligence",
  series       = "ECAI'96",
  year         = "1996",
  pages        = "491--495",
}

@Article{Friedrich99,
  author       = "G. Friedrich and M. Stumptner and F. Wotawa",
  title        = "Model-Based Diagnosis of Hardware Designs",
  journal      = "Artificial Intelligence",
  volume       = "111",
  number       = "1--2",
  year         = "1999",
  pages        = "3--39",
}

@Book{Garey90,
  author       = "Michael R. Garey and David S. Johnson",
  title        = "Computers and Intractability; A Guide to the Theory of
                 NP-Completeness",
  year         = "1990",
  publisher    = "W. H. Freeman \& Co.",
}

@InCollection{Garlan00,
  author       = "David Garlan and Robert T. Monroe and David Wile",
  title        = "ACME: Architectural Description of Component-Based
                 Systems",
  year         = "2000",
  booktitle    = "Foundations of Component-Based Systems",
  pages        = "47--68",
  editor       = "Gary T. Leavens and Murali Sitaraman",
  publisher    = "Cambridge University Press",
}

}

@InProceedings{Garlan01,
  author       = "David Garlan and Bradley Schmerl and Jichuan Chang",
  title        = "Using Gauges for Architecture-Based Monitoring and
                 Adaptation",
  year         = "2001",
  booktitle    = "Proceedings of the 2001 Working Conference on Complex
                 and Dynamic Systems Architecture",
}

@Article{Garlan04,
  author       = "David Garlan and Shang-Wen Cheng and An-Cheng Huang
                 and Bradley R. Schmerl and Peter Steenkiste",
  title        = "Rainbow: Architecture-Based Self-Adaptation with
                 Reusable Infrastructure",
  journal      = "Computer",
  volume       = "37",
  number       = "10",
  year         = "2004",
  pages        = "46--54",
}

@InProceedings{Garlan10,
  author       = "David Garlan and Robert Monroe and David Wile",
  title        = "ACME: An Architecture Description Interchange
                 Language",
  booktitle    = "CASCON First Decade High Impact Papers",
  series       = "CASCON'10",
  year         = "2010",
  pages        = "159--173",
  address      = "New York, NY, USA",
}

@Article{Garlan95,
  title        = "Introduction to the Special Issue on Software
                 Architecture",
  author       = "David Garlan and Dewayne E Perry",
  journal      = "Transactions in Software Engineering",
  volume       = "21",
  number       = "4",
  pages        = "269--274",
  year         = "1995",
}

@Article{Ghosh07,
  author       = "Debanjan Ghosh and Raj Sharman and H. Raghav Rao and
                 Shambhu Upadhyaya",
  title        = "Self-Healing Systems - Survey and Synthesis",
  journal      = "Decision Support Systems in Emerging Economies",
  volume       = "42",
  number       = "4",
  year         = "2007",
  pages        = "2164--2185",
  address      = "Amsterdam, The Netherlands, The Netherlands",
}

@InProceedings{Gouveia13,
  title        = "Using \textit{HTML5} Visualizations in Software Fault
                 Localization",
  author       = "Carlos Gouveia and Juan Campos and Rui Abreu",
  booktitle    = "$ 1^{st} $ Working Conference on Software
                 Visualization",
  pages        = "1--10",
  year         = "2013",
  series       = "VISSOFT",
}

@Book{Graham06,
  author       = "D. Graham and E. {van Veenendaal} and I. Evans and R.
                 Black",
  title        = "Foundations of Software Testing: ISTQB Certification",
  publisher    = "Cengage Learning Business Press",
  year         = "2006",
}

@Article{Graham82,
  author       = "S. L. Graham and P. B. Kessler and M. K. Mckusick",
  title        = "Gprof: a Call Graph Execution Profiler",
  journal      = "\textit{ACM SIGPLAN} Notices",
  volume       = "17",
  issue        = "6",
  year         = "1982",
  pages        = "120--126",
}

@Article{Greiner89,
  author       = "Russell Greiner and Barbara A. Smith and Ralph W.
                 Wilkerson",
  title        = "A Correction to the Algorithm in {Reiter}'s Theory of
                 Diagnosis",
  journal      = "Artificial Intelligence",
  volume       = "41",
  number       = "1",
  year         = "1989",
  pages        = "79--88",
}

@Article{Grottke08,
  author       = "Michael Grottke and Rivalino Matias Jr and Kishor S
                 Trivedi",
  journal      = "Symposium A Quarterly Journal in Modern Foreign
                  Literatures",
  pages        = "1--6",
  title        = "The Fundamentals of Software Aging",
  year         = "2008",
}

@Article{Hailpern02,
  author       = "B. Hailpern and P. Santhanam",
  title        = "Software Debugging, Testing, and Verification",
  journal      = "\textit{IBM} Systems Journal",
  year         = "2002",
  volume       = "41",
  number       = "1",
  pages        = "4--12",
}

@Article{Harrold00,
  author       = "M. J. Harrold and G. Rothermel and K. Sayre and R. Wu
                 and L. Yi",
  title        = "An Empirical Investigation of the Relationship Between
                 Fault-Revealing Test Behavior and Differences in
                 Program Spectra",
  journal      = "STVR Journal of Software Testing, Verification, and
                 Reliability",
  vol          = "10",
  number       = "3",
  pages        = "171--194",
  year         = "2000",
}

@InProceedings{Harrold98,
  author       = "Mary Jean Harrold and Gregg Rothermel and Rui Wu and
                 Liu Yi",
  title        = "An Empirical Investigation of Program Spectra",
  booktitle    = "Proceedings of the 1998 Workshop on Program Analysis
                 for Software Tools and Engineering",
  series       = "PASTE'98",
  year         = "1998",
  pages        = "83--90",
}

@InProceedings{Hermans12a,
  title        = "Detecting and Visualizing Inter-Worksheet Smells in
                 Spreadsheets",
  author       = "Felienne Hermans and Martin Pinzger and Arie van
                 Deursen",
  booktitle    = "Proceedings of the $ 34^{th} $ International
                 Conference on Software Engineering",
  series       = "ICSE'12",
  pages        = "441--451",
  year         = "2012",
}

@InProceedings{Hermans12b,
  title        = "Detecting Code Smells in Spreadsheet Formulas",
  author       = "Frederik Hermans and Martin Pinzger and Arie van
                 Deursen",
  booktitle    = "Proceedings of the $ 28^{th} $ International
                 Conference on Software Maintenance",
  series       = "ICSM'12",
  pages        = "409--418",
  year         = "2012",
}

@InProceedings{Hofer12,
  author       = "Birgit Hofer and Franz Wotawa",
  title        = "Spectrum Enhanced Dynamic Slicing for better Fault
                 Localization",
  booktitle    = "Proceedings of the $ 20^{th} $ European Conference on
                 Artificial Intelligence",
  series       = "ECAI'12",
  pages        = "420--425",
  year         = "2012",
}

@InCollection{Hofer13,
  year         = "2013",
  booktitle    = "Fundamental Approaches to Software Engineering",
  volume       = "7793",
  series       = "Lecture Notes in Computer Science",
  title        = "On the Empirical Evaluation of Fault Localization
                 Techniques for Spreadsheets",
  publisher    = "Springer-Verlag",
  author       = "Birgit Hofer and Andr{\'e} Riboira and Franz Wotawa
                 and Rui Abreu and Elisabeth Getzner",
  pages        = "68--82",
}

@InProceedings{Hollingsworth97,
  title        = "MDL: a Language and Compiler for Dynamic Program
                 Instrumentation",
  author       = "Jeffrey K Hollingsworth and Oscar Niam and Barton P
                 Miller and Zhichen Xu and Marcelo JR Gon{\c{c}}alves
                 and Ling Zheng",
  booktitle    = "Proceedings of the 1997 International Conference on
                 Parallel Architectures and Compilation Techniques",
  series       = "PACT'97",
  pages        = "201--212",
  year         = "1997",
}

@Article{Hong15,
  title        = "Optimizing Control Transfer and Memory Virtualization
                 in Full System Emulators",
  author       = "Ding-Yong Hong and Chun-Chen Hsu and Cheng-Yi Chou and
                 Wei-Chung Hsu and Pangfeng Liu and Jan-Jan Wu",
  journal      = "Transactions on Architecture and Code Optimization",
  series       = "TACO",
  volume       = "12",
  number       = "4",
  pages        = "47",
  year         = "2015",
  publisher    = "\textit{ACM}",
}

@Misc{Hopper97,
  author       = "Sharron A. Danis",
  title        = "Rear Admiral Grace Murray Hopper",
  year         = "1997",
  howpublished = "\url{http://ei.cs.vt.edu/~history/Hopper.Danis.html}",
}

@Article{Huang10,
  author       = "Chin-Yu Huang and Jun-Ru Chang and Yung-Hsin Chang",
  title        = "Design and Analysis of GUI Test-case Prioritization
                 Using Weight-based Methods",
  journal      = "Journal of Systems and Software",
  volume       = "83",
  year         = "2010",
  pages        = "646--659",
  publisher    = "Elsevier Science Inc.",
}

@InProceedings{Huang94,
  author       = "Wen-Chih Huang and Cheng-Yan Kao and Jorng-Tzong
                 Horng",
  booktitle    = "Proceedings of the 1994 International Conference on
                 Evolutionary Computation",
  title        = "A Genetic Algorithm Approach for Set Covering
                 Problems",
  year         = "1994",
}

@InProceedings{Huang95,
  author       = "Y. Huang and C. Kintala and N. Kolettis and N. D.
                 Fulton",
  booktitle    = "Proceedings of the $ 25^{th} $ International Symposium
                 on Fault-Tolerant Computing",
  title        = "Software Rejuvenation: Analysis, Module And
                 Applications",
  series       = "FTCS'95",
  year         = "1995",
  pages        = "381--390",
}

@Book{Hughes90,
  author       = "Thomas P. Hughes",
  title        = "American Genesis: a Century of Invention And
                 Technological Enthusiasm",
  year         = "1989",
  publisher    = "Penguin Books",
  address      = "New York, NY, USA",
}

@Book{Huizinga07,
  title        = "Automated Defect Prevention: Best Practices in
                 Software Management",
  author       = "D. Huizinga and A. Kolawa",
  year         = "2007",
  publisher    = "Wiley",
}

@Article{IBM06,
  title        = "An Architectural Blueprint for Autonomic Computing",
  author       = "J Kephart and J Kephart and D Chess and Craig
                 Boutilier and Rajarshi Das and Jeffrey O Kephart and
                 William E Walsh",
  journal      = "Internet Computing",
  volume       = "18",
  number       = "21",
  year         = "2007",
}

@InProceedings{Iverson62,
  author       = "Kenneth E. Iverson",
  title        = "A Programming Language",
  booktitle    = "Proceedings of the 1962 Joint Computer Conference",
  series       = "AIEE-IRE'62 (Spring)",
  year         = "1962",
  pages        = "345--351",
}

@Book{Jain88,
  author       = "A. K. Jain and R. C. Dubes",
  title        = "Algorithms for Clustering Data",
  year         = "1988",
  publisher    = "Prentice-Hall, Inc.",
}

@InProceedings{Janssen09,
  author       = "Janssen, T. and Abreu, R. and " # AJCvG,
  booktitle    = "Proceedings of the 2009 International Conference on
                 Automated Software Engineering",
  series       = "ASE'09",
  title        = "Zoltar: A Toolset for Automatic Fault Localization",
  year         = "2009",
  pages        = "662--664",
}

@InProceedings{Johnson10,
  author       = "Jonathan M. Johnson and Michael J. Wirthlin",
  title        = "Voter Insertion Algorithms for FPGA Designs Using
                 Triple Modular Redundancy",
  booktitle    = "Proceedings of the $ 18^{th} $ International Symposium
                 on Field Programmable Gate Arrays",
  series       = "FPGA'10",
  year         = "2010",
  pages        = "249--258",
}

@InProceedings{Jones02,
  author       = "James A. Jones and Mary Jean Harrold and John Stasko",
  title        = "Visualization of Test Information to Assist Fault
                 Localization",
  booktitle    = "Proceedings of the $ 24^{th} $ International
                 Conference on Software Engineering",
  series       = "ICSE '02",
  year         = "2002",
  pages        = "467--477",
  publisher    = "\textit{ACM}",
}

@InProceedings{Jones05,
  author       = "James A. Jones and Mary Jean Harrold",
  title        = "Empirical Evaluation of the Tarantula Automatic
                 Fault-Localization Technique",
  booktitle    = "Proceedings of the $ 20^{th} $ International
                 Conference on Automated Software Engineering",
  series       = "ASE'05",
  year         = "2005",
  pages        = "273--282",
}

@InProceedings{Kasick10,
  author       = "Michael P. Kasick and Jiaqi Tan and Rajeev Gandhi and
                 Priya Narasimhan",
  title        = "Black-Box Problem Diagnosis in Parallel File Systems",
  series       = "FAST",
  year         = "2010",
  pages        = "43--56",
  booktitle    = "Proceedings of the $ 8^{th} $ Conference on File and
                 Storage Technologies",
}

@Article{Kephart03,
  author       = "Jeffrey O. Kephart and David M. Chess",
  title        = "The Vision of Autonomic Computing",
  journal      = "Computer",
  volume       = "36",
  number       = "1",
  year         = "2003",
  pages        = "41--50",
}

@Article{Kidwell47,
  author       = "P. A. Kidwell",
  title        = "Stalking the Elusive Computer Bug",
  journal      = "Annals of the History of Computing",
  year         = "1998",
  pages        = "5--9",
}

@Article{Kim92,
  author       = "Jooseuk Kim and Clayton Scott",
  title        = "Variable Kernel Density Estimation",
  journal      = "Annals of Statistics",
  year         = "1992",
  volume       = "20",
  pages        = "1236--1265",
}

@InProceedings{Kiriansky02,
  title        = "Secure Execution via Program Shepherding",
  author       = "Vladimir Kiriansky and Derek Bruening and Saman P
                 Amarasinghe and others",
  booktitle    = "\textit{USENIX} Security Symposium",
  volume       = "92",
  year         = "2002",
}

@InProceedings{Kleer06,
  author       = JdK,
  title        = "Getting the Probabilities Right for Measurement
                 Selection",
  booktitle    = "Proceedings of the $ 17^{th} $ International Workshop
                 on Principles of Diagnosis",
  series       = "DX'06",
  year         = "2006",
  pages        = "141--146",
}

@InProceedings{Kleer09,
  author       = JdK,
  title        = "Diagnosing Multiple Persistent and Intermittent
                 Faults",
  booktitle    = "Proceedings of the $ 21^{st} $ International Joint
                 Conference on Artificial Intelligence",
  series       = "IJCAI'09",
  year         = "2009",
  pages        = "733--738",
}

@Article{Kleer87,
  title        = "Diagnosing Multiple Faults",
  author       = JdK # " and Williams, Brian C",
  journal      = "Artificial Intelligence",
  volume       = "32",
  number       = "1",
  pages        = "97--130",
  year         = "1987",
  publisher    = "Elsevier",
}

@InCollection{Kleer92,
  author       = JdK # " and Williams, Brian C.",
  title        = "Readings in Model-Based Diagnosis",
  booktitle    = "Readings in Model-Based Diagnosis",
  year         = "1992",
  pages        = "100--117",
  publisher    = "Morgan Kaufmann Publishers Inc.",
}

@InProceedings{Ko08,
  author       = "A. J. Ko and B. A. Myers",
  title        = "Debugging Reinvented: Asking and Answering Why And
                 why not questions about program behavior",
  booktitle    = "Proceedings of the 2008 International Conference on
                 Software Engineering",
  series       = "ICSE'08",
  year         = "2008",
  pages        = "301--310",
}

@InProceedings{Kolettis95,
  author       = "Nick Kolettis and N. Dudley Fulton",
  title        = "Software Rejuvenation: Analysis, Module and
                 Applications",
  booktitle    = "Proceedings of the $ 25^{th} $ International Symposium
                 on Fault-Tolerant Computing",
  series       = "FTCS'95",
  year         = "1995",
  pages        = "381--390",
  address      = "Washington, DC, USA",
}

@Article{Korel88,
  author       = "B. Korel and J. Laski",
  title        = "Dynamic Program Slicing",
  journal      = "Information Processing Letters",
  volume       = "29",
  number       = "3",
  pages        = "155--163",
  year         = "1988",
}

@Article{Kothamasu06,
  title        = "System Health Monitoring and Prognostics - a Review Of
                 Current Paradigms and Practices",
  volume       = "28",
  number       = "9--10",
  journal      = "The International Journal of Advanced Manufacturing
                 Technology",
  author       = "Ranganath Kothamasu and Samuel H Huang and William H
                 VerDuin",
  year         = "2006",
  pages        = "1012--1024",
}

@Article{Kuhn10,
  author       = "Kuhn, Lukas and Price, Bob and Do, Minh and Liu, Juan
                 and Zhou, Rong and Schmidt, Tim and " # JdK,
  title        = "Pervasive Diagnosis",
  journal      = "Transactions on Systems, Man Cybernetics - Part A",
  volume       = "40",
  number       = "5",
  year         = "2010",
  pages        = "1562--1595",
}

@InProceedings{Kumar05,
  title        = "Low Overhead Program Monitoring and Profiling",
  author       = "Naveen Kumar and Bruce R Childers and Mary Lou Soffa",
  booktitle    = "Software Engineering Notes",
  volume       = "31",
  pages        = "28--34",
  year         = "2005",
}

@Article{Larus95,
  title        = "EEL: Machine-independent executable editing",
  author       = "James R Larus and Eric Schnarr",
  publisher    = "\textit{ACM}",
  journal      = "\textit{ACM SIGPLAN} Notices",
  volume       = "30",
  pages        = "291--300",
  year         = "1995",
}

@MastersThesis{Lattner02,
  author       = "Chris Lattner",
  title        = "LLVM: An Infrastructure for Multi-Stage Optimization",
  school       = "{Computer Science Dept., University of Illinois at
                 Urbana-Champaign}",
  year         = "2002",
  address      = "Urbana, IL",
}

@TechReport{Li02,
  title        = "Computing Minimal Hitting Sets with Genetic
                 Algorithm",
  author       = "Lin Li and Jiang Yunfei",
  year         = "2002",
  institution  = "DTIC Document",
}

@Book{Li13,
  title        = "An Introduction to Kolmogorov Complexity and Its
                 Applications",
  author       = "Ming Li and Paul Vit{\'a}nyi",
  year         = "2013",
  publisher    = "Springer Science \& Business Media",
}

@Article{Liblit05,
  author       = "B. Liblit and M. Naik and A. X. Zheng and A. Aiken and
                 M. I. Jordan",
  title        = "Scalable Statistical Bug Isolation",
  journal      = "\textit{ACM SIGPLAN} Notices",
  volume       = "40",
  number       = "6",
  year         = "2005",
  pages        = "15--26",
}

@Article{Liu06,
  author       = "C. Liu and L. Fei and X. Yan and J. Han and S. P.
                 Midkiff",
  title        = "Statistical Debugging: A Hypothesis Testing-Based
                 Approach",
  journal      = "Transactions on Software Engineering",
  volume       = "32",
  number       = "10",
  year         = "2006",
  pages        = "831--848",
}

@InProceedings{Luk05a,
  author       = "Chi-Keung Luk and Robert Cohn and Robert Muth and
                 Harish Patil and Artur Klauser and Geoff Lowney and
                 Steven Wallace and Vijay Janapa Reddi and Kim
                 Hazelwood",
  title        = "Pin: Building Customized Program Analysis Tools with
                 Dynamic Instrumentation",
  booktitle    = "Proceedings of the 2005 Conference on Programming
                 Language Design and Implementation",
  series       = "PLDI '05",
  year         = "2005",
  pages        = "190--200",
}

@Article{Luk05b,
  author       = "Chi-Keung Luk and Robert Cohn and Robert Muth and
                 Harish Patil and Artur Klauser and Geoff Lowney and
                 Steven Wallace and Vijay Janapa Reddi and Kim
                 Hazelwood",
  title        = "Pin: Building Customized Program Analysis Tools with
                 Dynamic Instrumentation",
  journal      = "\textit{ACM SIGPLAN} Notices",
  volume       = "40",
  number       = "6",
  year         = "2005",
  pages        = "190--200",
  publisher    = "\textit{ACM}",
}

@InProceedings{Lyle87,
  title        = "Automatic Program Bug Location by Program Slicing",
  author       = "J. Lyle and M. Weiser",
  booktitle    = "Proceedings of the 1987 International Conference on
                 Computers and Applications",
  series       = "ICCA'87",
  pages        = "877--883",
  year         = "1987",
}

@Article{Lyons62,
  title        = "The Use of Triple-Modular Redundancy to Improve
                 Computer Reliability",
  author       = "Robert E Lyons and Wouter Vanderkulk",
  journal      = "Journal of Research and Development",
  volume       = "6",
  number       = "2",
  pages        = "200--209",
  year         = "1962",
  publisher    = "\textit{IBM}",
}

@InProceedings{Machado13,
  author       = "Pedro Machado and Jos{\'e} Campos and Rui Abreu",
  title        = "MZoltar: Automatic Debugging of Android Applications",
  booktitle    = "Proceedings of the 2013 International Workshop on
                 Software Development Lifecycle for Mobile",
  series       = "DeMobile'13",
  year         = "2013",
  pages        = "9--16",
}

@InProceedings{Mayer03,
  author       = "W. Mayer and M. Stumptner",
  title        = "Model-Based Debugging using Multiple Abstract Models",
  booktitle    = "Proceedings of the 2003 International Workshop on
                 Automated and Analysis-Driven Debugging",
  series       = "AADEBUG'03",
  pages        = "55--70",
  year         = "2003",
}

@Article{Mayer07,
  author       = "W. Mayer and M. Stumptner",
  journal      = "Electronic Notes in Theoretical Computer Science",
  number       = "4",
  pages        = "61--82",
  title        = "Model-Based Debugging -- State of the Art And Future
                 Challenges",
  volume       = "174",
  year         = "2007",
}

@InProceedings{Mayer08,
  title        = "Evaluating Models for Model-Based Debugging",
  author       = "Wolfgang Mayer and Markus Stumptner",
  year         = "2008",
  pages        = "128--137",
  booktitle    = "Proceedings of the $ 23^{rd} $ International
                 Conference on Automated Software Engineering",
  series       = "ASE'08",
}

@InProceedings{Mayer09,
  title        = "Prioritising Model-Based Debugging Diagnostic
                 Reports",
  author       = "Mayer, W. and Abreu, R. and Stumptner, M. and " #
                 AJCvG,
  booktitle    = "Proceedings of the 2009 International Workshop on
                 Principles of Diagnosis",
  series       = "DX'08",
  pages        = "127--134",
  year         = "2008",
}

@InProceedings{Memon01,
  author       = "Atif M. Memon and Mary Lou Soffa and Martha E.
                 Pollack",
  title        = "Coverage Criteria for GUI Testing",
  booktitle    = "Proceedings of the $ 8^{th} $ European Software
                 Engineering Conference",
  series       = "ESEC'01/FSE'01",
  year         = "2001",
  pages        = "256--267",
}

@Article{Meyer04,
  title        = "Comparison of Similarity Coefficients Used for Cluster
                 Analysis with Dominant Markers in Maize",
  author       = "A. \van{Silva MeyerDada} and A. A. F. Garcia and A. P.
                 de Souza and C. L. \van{Souza}{De}{de}",
  journal      = "Genetics and Molecular Biology",
  volume       = "27",
  pages        = "83--91",
  year         = "2004",
}

@Article{Miller63,
  author       = "Joan C. Miller and Clifford J. Maloney",
  title        = "Systematic Mistake Analysis of Digital Computer
                 Programs",
  journal      = "Communications of the \textit{ACM}",
  volume       = "6",
  number       = "2",
  year         = "1963",
  pages        = "58--63",
}

@InProceedings{Misherghi06,
  author       = "G. Misherghi and Z. Su",
  title        = "{HDD: Hierarchical Delta Debugging}",
  booktitle    = "Proceedings of the 2006 International Conference on
                 Software Engineering",
  series       = "ICSE'06",
  year         = "2006",
  pages        = "142--151",
}

@InProceedings{Misurda05,
  title        = "Demand-Driven Structural Testing with Dynamic
                 Instrumentation",
  author       = "Jonathan Misurda and James Clause and Juliya L Reed
                 and Bruce R Childers and Mary Lou Soffa and others",
  booktitle    = "Proceedings of $ 27^t h $ International Conference on
                 Software Engineering",
  series       = "ICSE'05",
  pages        = "156--165",
  year         = "2005",
}

@InProceedings{Mohammadi07,
  author       = "Rasul Mohammadi and Shahin {Hashtrudi-Zad}",
  title        = "A Recursive Algorithm for Diagnosis in Hierarchical
                 Finite-State Machines",
  booktitle    = "Proceedings of the 2007 International Conference on
                 Systems, Man and Cybernetics",
  series       = "SMC'07",
  pages        = "1345--1350",
  year         = "2007",
}

@InProceedings{Mondal15,
  author       = "Debajyoti Mondal and Hadi Hemmati and Stephane
                 Durocher",
  title        = "Exploring Test Suite Diversification and Code Coverage
                 in Multi-Objective Test Case Selection",
  booktitle    = "$ 8^{th} $ International Conference on Software
                 Testing, Verification and Validation",
  pages        = "1--10",
  year         = "2015",
  series       = "ICST15",
}

@TechReport{NASA99,
  author       = "NASA",
  institution  = "NASA",
  title        = "Mars Climate Orbiter Mishap Investigation Board Phase
                 I Report",
  year         = "1999",
}

@InProceedings{Nethercote03,
  author       = "Nicholas Nethercote and Julian Seward",
  title        = "Valgrind: a Program Supervision Framework",
  booktitle    = "Proceedings of the $ 3^{rd} $ Workshop on Runtime
                 Verification",
  series       = "RV'03",
  year         = "2003",
}

@InProceedings{Nica08,
  author       = "M. Nica and F. Wotawa",
  title        = "From Constraint Representations of Sequential Code And
                 Program Annotations to Their Use in Debugging",
  booktitle    = "Proceedings of the 2008 European Conference on
                 Artificial Intelligence",
  series       = "ECAI'08",
  year         = "2008",
  pages        = "797--798",
}

@Book{Nunn02,
  title        = "Ancient Egyptian Medicine",
  author       = "J. F. Nunn",
  URL          = "http://books.google.pt/books?id=WHfEnVU6z8IC",
  year         = "2002",
  publisher    = "University of Oklahoma Press",
}

@Article{Nyberg11,
  author       = "Mattias Nyberg",
  title        = "A Generalized Minimal Hitting-Set Algorithm to Handle
                 Diagnosis With Behavioral Modes",
  journal      = "Transactions on Systems, Man, and Cybernetics, Part
                 {A}",
  volume       = "41",
  number       = "1",
  pages        = "137--148",
  year         = "2011",
}

@Article{Opitz99,
  author       = "David Opitz and Richard Maclin",
  title        = "Popular Ensemble Methods: An Empirical Study",
  journal      = "Journal of Artificial Intelligence Research",
  year         = "1999",
  volume       = "11",
  pages        = "169--198",
}

@InProceedings{Pankumhang15,
  author       = "Tosapon Pankumhang and Matthew Rutherford",
  title        = "Iterative Instrumentation for Code Coverage in
                 Time-Sensitive Systems",
  booktitle    = "$ 8^{th} $ International Conference on Software
                 Testing, Verification and Validation, {ICST} 2015,
                 Graz, Austria, April 13-17, 2015",
  pages        = "1--10",
  year         = "2015",
}

@InProceedings{Parnin11,
  author       = "C. Parnin and A. Orso",
  title        = "Are Automated Debugging Techniques Actually Helping
                 Programmers?",
  booktitle    = "Proceedings of the 2011 International Symposium on
                 Software Testing and Analysis",
  series       = "ISSTA'11",
  year         = "2011",
  pages        = "199--209",
}

@Article{Parzen62,
  author       = "Emanuel Parzen",
  journal      = "The Annals of Mathematical Statistics",
  number       = "3",
  pages        = "1065--1076",
  title        = "On Estimation of a Probability Density Function and
                 Mode",
  volume       = "33",
  year         = "1962",
}

@InProceedings{Passos14,
  author       = "L{\' u}cio S. Passos and Rui Abreu and Rosaldo J. F.
                 Rossetti",
  booktitle    = "Proceedings of the $ 25^{th} $ International Workshop
                 on Principles of Diagnosis",
  series       = "DX'14",
  title        = "Sensitivity Analysis of Spectrum-based Fault
                 Localisation for Multi-Agent Systems",
  year         = "2014",
}

@InProceedings{Passos15,
  author       = "L{\'u}cio S. Passos and Rui Abreu and Rosaldo J. F.
                 Rossetti",
  title        = "Spectrum-Based Fault Localisation for Multi-Agent
                 Systems",
  booktitle    = "Proceedings of the $ 24^{th} $ International Joint
                 Conference on Artificial Intelligence",
  series       = "IJCAI'15",
  pages        = "1134--1140",
  year         = "2015",
}

@Book{Perez12a,
  author       = "A. Perez",
  title        = "Dynamic Code Coverage with Progressive Detail Levels",
  year         = "2012",
  publisher    = "MSc Thesis, Faculdade de Engenharia da Universidade do
                 Porto",
}

@InProceedings{Perez12b,
  author       = "A. Perez and A. Riboira and R. Abreu",
  booktitle    = "Proceedings of the 2012 International Workshop on
                 Program Debugging",
  series       = "IWPD'12",
  title        = "A Topology-Based Model for Estimating the Diagnostic
                 Efficiency of Statistics-Based Approaches",
  year         = "2012",
  pages        = "171--176",
}

@Article{Perez14a,
  title        = "A Survey on Fault Localization Techniques",
  author       = "Alexandre Perez and Rui Abreu and Eric Wong",
  year         = "2014",
}

@InProceedings{Piel11,
  author       = "{\'E}ric Piel and Alberto Gonz{\'a}lez-Sanchez and
                 Hans-Gerhard Gro{\ss} and " # AJCvG,
  title        = "Spectrum-Based Health Monitoring for Self-Adaptive
                 Systems",
  booktitle    = "Proceedings of the $ 5^{th} $ International Conference
                 on Self-Adaptive and Self-Organizing Systems",
  series       = "SASO'11",
  year         = "2011",
  pages        = "99--108",
}

@InProceedings{Piel12,
  author       = "E. Piel and A. Gonzalez-Sanchez and H-G. Gross and " #
                 AJCvG # " and R. Abreu",
  title        = "Online Spectrum-based Fault Localization for Health
                 Monitoring and Fault Recovery of Self-Adaptive
                 Systems",
  booktitle    = "Proceedings of the $ 8^{th} $ International Conference
                 on Autonomic and Autonomous Systems",
  series       = "ICAS'11",
  pages        = "64--73",
  year         = "2012",
}

@InProceedings{Pill12,
  author       = "Ingo Pill and Thomas Quaritsch",
  title        = "Optimizations for the Boolean Approach to Computing
                 Minimal Hitting Sets",
  series       = "ECAI'12",
  year         = "2012",
  booktitle    = "European Conference on Artificial Intelligence",
  pages        = "648--653",
}

@Article{Pinto15,
  author       = "Pedro Pinto and Rui Abreu and Jo{\~a}o M. P. Cardoso",
  title        = "Fault Detection in {C} Programs Using Monitoring of
                 Range Values: Preliminary Results",
  journal      = "CoRR",
  year         = "2015",
}

@Misc{Polsson,
  author       = "Ken Polsson",
  title        = "Chronology of Personal Computers",
  year         = "2015",
  note         = "Accessed October 2015",
  howpublished = "\url{http://pctimeline.info/}",
}

@InProceedings{Raykar06,
  author       = "V. C. Raykar and Ramani Duraiswami",
  title        = "Fast Optimal Bandwidth Selection for Kernel Density
                 Estimation",
  booktitle    = "Proceedings of the $ 6^{th} $ SIAM International
                 Conference on Data Mining",
  series       = "SDM'06",
  year         = "2006",
  pages        = "524--528",
}

@Article{Reiter87,
  author       = "R. Reiter",
  title        = "A Theory of Diagnosis from First Principles",
  journal      = "Artificial Intelligence",
  volume       = "32",
  number       = "1",
  year         = "1987",
  pages        = "57--95",
}

@InProceedings{Reps97,
  author       = "T. Reps and T. Ball and M. Das and J. Larus",
  title        = "The Use of Program Profiling for Software Maintenance
                 with Applications to the Year 2000 Problem",
  booktitle    = "Proceedings of the 1997 International Symposium On
                 Foundations of Software Engineering",
  series       = "ESEC'97/FSE'97",
  year         = "1997",
  pages        = "432--449",
}

@InProceedings{Riboira10,
  author       = "Andr{\'e} Riboira and Rui Abreu",
  title        = "The GZoltar Project: a Graphical Debugger Interface",
  booktitle    = "Proceedings of the $ 5^{th} $ International Academic
                 And Industrial Conference on Testing - Practice And
                 Research Techniques",
  series       = "TAICPART'10",
  year         = "2010",
  pages        = "215--218",
  address      = "Berlin, Heidelberg",
}

@InProceedings{Riboira11,
  author       = "Andr{\'e} Riboira and Rui Abreu and Rui Rodrigues",
  title        = "An OpenGL-Based Eclipse Plug-In for Visual Debugging",
  booktitle    = "Proceedings of the $ 1^{st} $ Workshop on Developing
                 Tools as Plug-ins",
  series       = "TOPI'11",
  year         = "2011",
  pages        = "60--60",
  address      = "New York, NY, USA",
}

@Article{Rosenblatt56,
  author       = "Murray Rosenblatt",
  journal      = "The Annals of Mathematical Statistics",
  number       = "3",
  pages        = "832--837",
  title        = "Remarks on Some Nonparametric Estimates of a Density
                 Function",
  volume       = "27",
  year         = "1956",
}

@Article{Rosenblum95,
  author       = "D. S. Rosenblum",
  journal      = "Transactions on Software Engineering",
  title        = "A Practical Approach to Programming with Assertions",
  year         = "1995",
  volume       = "21",
  number       = "1",
  pages        = "19--31",
}

@Article{Rothermel01,
  author       = "Gregg Rothermel and Roland H. Untch and Chengyun Chu
                 and Mary Jean Harrold",
  title        = "Prioritizing Test Cases For Regression Testing",
  journal      = "Transactions on Software Engineering",
  volume       = "27",
  number       = "10",
  year         = "2001",
  pages        = "929--948",
}

@InProceedings{Rothermel98,
  title        = "An Empirical Study of the Effects of Minimization On
                 the Fault Detection Capabilities of Test Suites",
  author       = "Gregg Rothermel and Mary Jean Harrold and Jeffery
                 Ostrin and Christie Hong",
  booktitle    = "Software Maintenance, 1998. Proceedings.,
                 International Conference on",
  pages        = "34--43",
  year         = "1998",
}

@InProceedings{Rothermel99,
  author       = "Gregg Rothermel and Roland H. Untch and Chengyun Chu
                 and Mary Jean Harrold",
  title        = "Test Case Prioritization: An Empirical Study",
  booktitle    = "Proceedings of the 1999 International Conference on
                 Software Maintenance",
  series       = "ICSM'99",
  year         = "1999",
  pages        = "179--188",
}

@Book{Rubin73,
  title        = "A Technique for the Solution of Massive Set Covering
                 Problems, with Application to Airline Crew Scheduling",
  author       = "J. Rubin",
  year         = "1973",
}

@InProceedings{Ruchkys02,
  author       = "D. P. Ruchkys and S. W. Song",
  title        = "A Parallel Approximation Hitting Set Algorithm For
                 Gene Expression Analysis",
  booktitle    = "Symposium on Computer Architecture and High
                 Performance Computing",
  pages        = "75--81",
  year         = "2002",
}

@Article{Sanchez11,
  author       = "Alberto Gonz{\'{a}}lez{-}Sanchez and Eric Piel and Rui
                 Abreu and Hans-Gerhard Gross and " # AJCvG,
  title        = "Prioritizing Tests for Software Fault Localization",
  journal      = "Software: Practice and Experience",
  year         = "2011",
  volume       = "41",
  number       = "10",
  pages        = "1105--1129",
}

@InProceedings{Sanchez11b,
  author       = "Alberto Gonz{\'{a}}lez{-}Sanchez and Rui Abreu and
                 Hans{-}Gerhard Gross and " # AJCvG,
  title        = "Prioritizing Tests for Fault Localization Through
                 Ambiguity Group Reduction",
  booktitle    = "Proceedings of the $ 26^{th} $ International
                 Conference on Automated Software Engineering",
  series       = "ASE'11",
  year         = "2011",
  pages        = "83--92",
}

@InProceedings{Santelices09,
  author       = "Ra{\'u}l A. Santelices and James A. Jones and Yanbing
                 Yu and Mary Jean Harrold",
  title        = "Lightweight Fault-Localization Using Multiple Coverage
                 Types",
  booktitle    = "Proceedings of the $ 31^{st} $ International
                 Conference on Software Engineering",
  series       = "ICSE'09",
  pages        = "56--66",
  year         = "2009",
}

@InProceedings{Scott02,
  title        = "Safe Virtual Execution Using Software Dynamic
                 Translation",
  author       = "Kevin Scott and Jack Davidson",
  booktitle    = "Proceedings of the $ 18^{th} $ Annual Computer
                 Security Applications Conference",
  series       = "ACSAC'02",
  pages        = "209--218",
  year         = "2002",
}

@InProceedings{Scott03,
  title        = "Reconfigurable and Retargetable Software Dynamic
                 Translation",
  author       = "Kevin Scott and Naveen Kumar and Siva Velusamy and
                 Bruce Childers and Jack Davidson and Mary Lou Soffa",
  booktitle    = "Proceedings of the $ 1^{st} $ Conference on Code
                 Generation and Optimization",
  series       = "CGO'03",
  pages        = "36--47",
  year         = "2003",
}

@InProceedings{Shvachko10,
  author       = "Konstantin Shvachko and Hairong Kuang and Sanjay Radia
                 and Robert Chansler",
  title        = "The Hadoop Distributed File System",
  booktitle    = "Proceedings of the $ 26^{th} $ Symposium on Mass
                 Storage Systems and Technologies",
  series       = "MSST'10",
  year         = "2010",
  pages        = "1--10",
}

@Book{Silverman86,
  author       = "B. W. Silverman",
  title        = "Density Estimation for Statistics and Data Analysis",
  year         = "1986",
  publisher    = "Chapman and Hall",
}

@InCollection{Song08,
  title        = "BitBlaze: a New Approach to Computer Security Via
                 Binary Analysis",
  author       = "Dawn Song and David Brumley and Heng Yin and Juan
                 Caballero and Ivan Jager and Min Gyung Kang and Zhenkai
                 Liang and James Newsome and Pongsin Poosankam and
                 Prateek Saxena",
  booktitle    = "Information systems security",
  pages        = "1--25",
  year         = "2008",
  publisher    = "Springer",
}

@Book{Srivastava94,
  title        = "ATOM: a System for Building Customized Program
                 Analysis Tools",
  author       = "Amitabh Srivastava and Alan Eustace",
  volume       = "29",
  year         = "1994",
  publisher    = "\textit{ACM}",
}

@Book{Stallman02,
  title        = "Debugging with GDB: the GNU Source-Level Debugger",
  author       = "R. Stallman and R. Pesch and S. Shebs",
  series       = "A GNU Manual",
  year         = "2002",
  publisher    = "GNU Press",
}

@InProceedings{Steimann13,
  author       = "Friedrich Steimann and Marcus Frenkel and Rui Abreu",
  title        = "Threats to the Validity and Value of Empirical
                 Assessments of the Accuracy of Coverage-based Fault
                 Locators",
  booktitle    = "Proceedings of the 2013 International Symposium on
                 Software Testing and Analysis",
  series       = "ISSTA'2013",
  year         = "2013",
  pages        = "314--324",
}

@InProceedings{Stern12,
  title        = "Exploring the Duality in Conflict-Directed Model-Based
                 Diagnosis",
  author       = "Roni Tzvi Stern and Meir Kalech and Alexander Feldman
                 and Gregory M Provan",
  booktitle    = "Proceedings of the $ 26^{st} $ AAAI Conference on
                 Artificial Intelligence",
  series       = "AAAI'12",
  pages        = "548--555",
  year         = "2012",
}

@InProceedings{Sun13,
  author       = "Wei Sun and Zebao Gao and Weiran Yang and Chunrong
                 Fang and Zhenyu Chen",
  title        = "Multi-objective Test Case Prioritization for GUI
                 Applications",
  booktitle    = "Proceedings of the $ 28^{th} $ Symposium on Applied
                 Computing",
  series       = "SAC '13",
  year         = "2013",
  pages        = "1074--1079",
}

@InProceedings{Tan10,
  author       = "Jiaqi Tan and Xinghao Pan and Eugene Marinelli and
                 Soila Kavulya and Rajeev Gandhi and Priya Narasimhan",
  title        = "Kahuna: Problem Diagnosis for Mapreduce-Based Cloud
                 Computing Environments",
  series       = "NOMS",
  year         = "2010",
  booktitle    = "Proceedings of the $ 12^{th} $ Network Operations and
                 Management Symposium",
  pages        = "112--119",
}

@Misc{Tassey02,
  author       = "G Tassey",
  booktitle    = "National Institute of Standards and Technology RTI
                 Project",
  number       = "2--3",
  pages        = "1--309",
  title        = "The Economic Impacts of Inadequate Infrastructure for
                 Software Testing",
  year         = "2002",
}

@InProceedings{Tikir02,
  author       = "M. M. Tikir and J. K. Hollingsworth",
  title        = "Efficient Instrumentation for Code Coverage Testing",
  booktitle    = "Proceedings of the 2002 International Symposium on
                 Software Testing and Analysis",
  series       = "ISSTA'02",
  year         = "2002",
  pages        = "86--96",
}

@InCollection{Trivedi08,
  author       = "Kishor S. Trivedi and Kalyanaraman Vaidyanathan",
  title        = "Software Aging and Rejuvenation",
  booktitle    = "Wiley Encyclopedia of Computer Science and
                 Engineering",
  year         = "2008",
}

@TechReport{USA92,
  title        = "Patriot Missile Defense: Software Problem Led To
                 System Failure at Dhahran, Saudi Arabia : Report to The
                 Chairman, Subcommittee on Investigations and Oversight,
                 Committee on Science, Space, and Technology, House Of
                 Representatives",
  author       = "United States' General Accounting Office",
  year         = "1992",
}

@Article{Vinterbo00,
  author       = "Staal A. Vinterbo and Aleksander {\O}hrn",
  title        = "Minimal Approximate Hitting Sets and Rule Templates",
  journal      = "International Journal of Approximate Reasoning",
  year         = "2000",
  pages        = "123--143",
  volume       = "25",
  number       = "2",
}

@InProceedings{Vokolos98,
  author       = "F. I. Vokolos and P. G. Frankl",
  title        = "Empirical Evaluation of the Textual Differencing
                 Regression Testing Technique",
  booktitle    = "Proceedings of the 1998 International Conference on
                 Software Maintenance",
  series       = "ICSM'98",
  year         = "1998",
  pages        = "44--53",
  address      = "Washington, DC, USA",
}

@Article{Weiser82,
  author       = "M. Weiser",
  title        = "Programmers Use Slices When Debugging",
  journal      = "Communications \textit{ACM}",
  volume       = "25",
  number       = "7",
  year         = "1982",
  pages        = "446--452",
}

@Article{Weiser84,
  author       = "M. Weiser",
  title        = "Program Slicing",
  journal      = "Transactions on Software Engineering",
  year         = "1984",
  volume       = "SE-10",
  number       = "4",
  pages        = "352--357",
}

@InProceedings{Witchel96,
  title        = "Embra: Fast and Flexible Machine Simulation",
  author       = "Emmett Witchel and Mendel Rosenblum",
  booktitle    = "\textit{ACM SIGMETRICS} Performance Evaluation
                 Review",
  volume       = "24",
  pages        = "68--79",
  year         = "1996",
}

@Article{Wong06,
  title        = "Effective Program Debugging Based on Execution Slices
                 and Inter-Block Data Dependency",
  journal      = "Journal of Systems and Software",
  volume       = "79",
  number       = "7",
  pages        = "891--903",
  year         = "2006",
  author       = "W. E. Wong and Y. Qi",
}

@Article{Wong09,
  author       = "W. E. Wong and Y. QI",
  title        = "BP Neural Network-based Effective Fault Localization",
  journal      = "International Journal of Software Engineering and
                 Knowledge Engineering",
  volume       = "19",
  number       = "04",
  pages        = "573--597",
  year         = "2009",
}

@Article{Wong10,
  author       = "W. E. Wong and V. Debroy",
  title        = "Software Fault Localization",
  journal      = "Transactions on Reliability",
  volume       = "59",
  number       = "3",
  year         = "2010",
  pages        = "473--475",
}

@Article{Wong10b,
  title        = "A Family of Code Coverage-Based Heuristics for
                 Effective Fault Localization",
  author       = "W. E. Wong and V. Debroy and B. Choi",
  journal      = "Journal of Systems and Software",
  volume       = "83",
  number       = "2",
  pages        = "188--208",
  year         = "2010",
}

@Article{Wong12a,
  author       = "W. E. Wong and V. Debroy and Dianxiang Xu",
  journal      = "Transactions on Systems, Man, and Cybernetics",
  title        = "{Towards Better Fault Localization: A Crosstab-Based
                 Statistical Approach}",
  year         = "2012",
  volume       = "42",
  pages        = "378--396",
}

@Article{Wong12b,
  author       = "W. E. Wong and V. Debroy and R. Golden and Xiaofeng Xu
                 and B. Thuraisingham",
  journal      = "Transactions on Reliability",
  title        = "Effective Software Fault Localization Using an RBF
                 Neural Network",
  year         = "2012",
  volume       = "61",
  number       = "1",
  pages        = "149--169",
}

@Article{Wong13,
  author       = "W. E. Wong and V. Debroy and R. Gao and Y. Li",
  journal      = "Transactions on Reliability",
  title        = "{DStar (D$^*$) - A More Effective Software Fault
                 Localization Technique}",
  year         = "2013",
}

@Article{Wotawa01,
  author       = "Franz Wotawa",
  title        = "A Variant of Reiter's Hitting-Set Algorithm",
  journal      = "Information Processing Letters",
  volume       = "79",
  number       = "1",
  year         = "2001",
  pages        = "45--51",
}

@InProceedings{Wotawa02,
  author       = "Franz Wotawa and Markus Stumptner and Wolfgang Mayer",
  title        = "Model-Based Debugging or How to Diagnose Programs
                 Automatically",
  booktitle    = "Proceedings of the 2002 International Conference on
                 Industrial and Engineering Applications of Artificial
                 Intelligence and Expert Systems",
  series       = "IAE/AIE'02",
  pages        = "746--757",
  year         = "2002",
}

@InProceedings{Wotawa10,
  title        = "Fault Localization Based on Dynamic Slicing And
                 Hitting-Set Computation",
  author       = "Franz Wotawa",
  booktitle    = "Proceedings of the $ 10^{th} $ International
                 Conference on Quality Software",
  series       = "QSIC'10",
  pages        = "161--170",
  year         = "2010",
}

@Article{Xie13,
  title        = "Metamorphic Slice: An Application in Spectrum-Based
                 Fault Localization",
  journal      = "Information and Software Technology",
  volume       = "55",
  number       = "5",
  pages        = "866--879",
  year         = "2013",
  author       = "Xiaoyuan Xie and W. Eric Wong and Tsong Yueh Chen and
                 Baowen Xu",
}

@InProceedings{Yang06,
  author       = "Qian Yang and J. Jenny Li and David Weiss",
  title        = "A Survey of Coverage Based Testing Tools",
  booktitle    = "Proceedings of the 2006 International Workshop on
                 Automation of Software Test",
  series       = "AST '06",
  year         = "2006",
  pages        = "99--103",
}

@Article{Zadeh65,
  title        = "Fuzzy Sets",
  author       = "Lotfi Asker Zadeh",
  journal      = "Information and Control",
  volume       = "8",
  number       = "3",
  pages        = "338--353",
  year         = "1965",
}

@Article{Zadeh68,
  title        = "Probability Measures of Fuzzy Events",
  author       = "Lotfi Asker Zadeh",
  journal      = "Journal of Mathematical Analysis and Applications",
  volume       = "23",
  number       = "2",
  pages        = "421--427",
  year         = "1968",
}

@Article{Zeller02a,
  author       = "Andreas Zeller and Ralf Hildebrandt",
  title        = "Simplifying and Isolating Failure-Inducing Input",
  journal      = "Transactions on Software Engineering",
  year         = "2002",
  volume       = "28",
  number       = "2",
  pages        = "183--200",
}

@InProceedings{Zeller02b,
  author       = "Andreas Zeller",
  title        = "Isolating Cause-effect Chains from Computer Programs",
  booktitle    = "Proceedings of the 2010 Symposium on Foundations of
                 Software Engineering",
  series       = "ESEC'10/FSE'10",
  year         = "2002",
  pages        = "1--10",
}

@InProceedings{Zhang05,
  author       = "Xiangyu Zhang and Haifeng He and Neelam Gupta and
                 Rajiv Gupta",
  title        = "Experimental Evaluation of Using Dynamic Slices For
                 Fault Location",
  booktitle    = "Proceedings of the 2005 International Workshop on
                 Automated and Analysis-Driven Debugging",
  series       = "AADEBUG'05",
  year         = "2005",
  pages        = "33--42",
}

@InProceedings{Zhang07,
  author       = "Xiangyu Zhang and Sriraman Tallam and Neelam Gupta and
                 Rajiv Gupta",
  title        = "Towards Locating Execution Omission Errors",
  booktitle    = "Proceedings of the 2007 Conference on Programming
                 Language Design and Implementation",
  series       = "PLDI'07",
  year         = "2007",
  pages        = "415--424",
}

@InProceedings{Zhao07,
  author       = "Xiangfu Zhao and Dantong Ouyang",
  title        = "Improved Algorithms for Deriving All Minimal Conflict
                 Sets in Model-Based Diagnosis",
  booktitle    = "International Conference on Intelligent Computing",
  series       = "ICIC'07",
  year         = "2007",
  pages        = "157--166",
}

@InProceedings{Zoeteweij07,
  title        = "Diagnosis of Embedded Software Using Program Spectra",
  author       = "Peter Zoeteweij and Rui Abreu and Rob Golsteijn and
                 Arjan JC Van Gemund",
  booktitle    = "Proceedings of the $ 14^{th} $ International
                 Conference and Workshops on the Engineering of
                 Computer-Based Systems",
  series       = "ECBS'07",
  pages        = "213--220",
  year         = "2007",
}

@TechReport{rfc768,
  author       = "J. Postel",
  institution  = "Internet Engineering Task Force",
  interhash    = "cbd242a4c7b3463342475b82a6c34e29",
  intrahash    = "50d5d1b17a7b521a57d219b4db3ee765",
  number       = "768",
  pages        = "3",
  title        = "User Datagram Protocol",
  type         = "RFC",
  year         = "1980",
}

@article{Salehie05,
  title={Autonomic Computing: Emerging Trends and Open Problems},
  author={Salehie, Mazeiar and Tahvildari, Ladan},
  journal={Software Engineering Notes},
  volume={30},
  number={4},
  pages={1--7},
  year={2005},
}

@article{Horn01,
  title={Autonomic computing: \textit{IBM}'s Perspective on the State
                  of Information Technology},
  author={Horn, Paul},
  year={2001},
  publisher={\textit{IBM}}
}

@inproceedings{Perez14b,
  title={A Diagnosis-Based Approach to Software Comprehension},
  author={Perez, Alexandre and Abreu, Rui},
  booktitle={Proceedings of the $22^{nd}$ International Conference on
                  Program Comprehension},
  pages={37--47},
  year={2014},
}

@incollection{Dijkstra82,
  title={Self-Stabilization in Spite of Distributed Control},
  author={Dijkstra, Edsger W},
  booktitle={Selected writings on computing: a personal perspective},
  pages={41--46},
  year={1982},
  publisher={Springer}
}

@inproceedings{Linger98,
  title={Requirements Definition for Survivable Network Systems},
  author={Linger, Richard C and Mead, Nancy R and Lipson, Howard F},
  booktitle={Proceedings of the $3^{rd}$ International Conference on
                  Requirements Engineering},
                  series = {ICRE'98},
  pages={14--23},
  year={1998},
}


@incollection{Laddaga03,
  title={Introduction to Self-Adaptive Software: Applications},
  author={Laddaga, Robert and Robertson, Paul and Shrobe, Howie},
  booktitle={Self-adaptive software: applications},
  pages={1--5},
  year={2003},
  publisher={Springer}
}

@book{Pierce65,
  title={Failure-tolerant Computer Design},
  author={Pierce, W.H.},
  year={1965},
  publisher={Academic Press}
}

@article{Psaier11,
  title={A Survey on Self-Healing Systems: Approaches and Systems},
  author={Psaier, Harald and Dustdar, Schahram},
  journal={Computing},
  volume={91},
  number={1},
  pages={43--73},
  year={2011},
  publisher={Springer}
}

@inproceedings{Pietersma06,
  title={Modeling and Compilation Aspects of Fault Diagnosis Complexity},
  author={Pietersma, Jurryt and Feldman, Alexander and Van Gemund, Arjan JC},
  booktitle={AUTOTESTCON},
  pages={502--508},
  year={2006},
}


@inproceedings{Hangal02,
  title={Tracking down software bugs using automatic anomaly detection},
  author={Hangal, Sudheendra and Lam, Monica S},
  booktitle={Proceedings of the 24th international conference on Software engineering},
  pages={291--301},
  year={2002},
}

@inproceedings{Racunas07,
  title={Perturbation-Based Fault Screening},
  author={Racunas, Paul and Constantinides, Kypros and Manne, Srilatha and Mukherjee, Shubhendu S},
  booktitle={Proceedings of th $13^{th}$ International Symposium on High Performance Computer Architecture},
  series={HPCA'07},
  pages={169--180},
  year={2007},
}

@article{Zhang04,
  title={Cost Effective Dynamic Program Slicing},
  author={Zhang, Xiangyu and Gupta, Rajiv},
  journal={\textit{ACM SIGPLAN} Notices},
  volume={39},
  number={6},
  pages={94--106},
  year={2004},
}

@inproceedings{Xie10,
  title={Spectrum-Based Fault Localization Without Test Oracles},
  author={Xie, Xiaoyuan and Wong, W Eric and Chen, Tsong Yueh and Xu, Baowen and others},
  booktitle={Proceedings of the $11^{th}$ International Conference on Quality Software},
  series={QSIC,11},
  pages={1--10},
  year={2010}
}

@inproceedings{Yilmaz08,
  title={Time Will Tell: Fault Localization Using Time Spectra},
  author={Yilmaz, Cemal and Paradkar, Amit and Williams, Clay},
  booktitle={Proceedings of the 30th international conference on Software engineering},
  pages={81--90},
  year={2008},
}


@inproceedings{Jones04,
 author = {Jones, James A.},
 title = {Fault Localization Using Visualization of Test Information},
 booktitle = {Proceedings of the $26^{th}$ International Conference on Software Engineering},
 series = {ICSE '04},
 year = {2004},
 pages = {54--56},
}

@inproceedings{Orso04,
 author = {Orso, Alessandro and Jones, James A. and Harrold, Mary Jean and Stasko, John},
 title = {Gammatella: Visualization of Program-Execution Data for Deployed Software},
 booktitle = {Proceedings of the $26^{th}$ International Conference on Software Engineering},
 series = {ICSE '04},
 year = {2004},
 pages = {699--700},
}
